<?xml version="1.0" encoding="UTF-8"?><collection xmlns="http://www.loc.gov/MARC21/slim"><record><leader>00329nam--2200121-i-4500</leader><controlfield tag="001">000040704</controlfield><controlfield tag="002">20161230</controlfield><controlfield tag="005">20161230201042</controlfield><controlfield tag="008">060222s1000------------r-----000-0-eng-d</controlfield><datafield ind1=" " ind2=" " tag="245"><subfield code="a">Psi-scientific repport: 1998. vol.i: particles and matter</subfield></datafield><datafield ind1=" " ind2=" " tag="260"><subfield code="a">Switzweland, Psi, 1999, 207p</subfield></datafield><datafield ind1=" " ind2=" " tag="700"><subfield code="a">Baltenspenger, U./S.A.</subfield></datafield><datafield ind1=" " ind2=" " tag="852"><subfield code="a">74920</subfield></datafield></record></collection>